@article{pelusi2006opportunistic,
	title		= {Opportunistic networking: data forwarding in disconnected mobile ad hoc networks},
	author		= {Pelusi, Luciana and Passarella, Andrea and Conti, Marco},
	journal		= {Communications Magazine, IEEE},
	volume		= {44},
	number		= {11},
	pages		= {134--141},
	year		= {2006},
	publisher	= {IEEE}
}

@article{Mota20145,
	title	= "Protocols, mobility models and tools in opportunistic networks: A survey ",
	journal	= "Computer Communications ",
	volume	= "48",
	number	= "0",
	pages	= "5 - 19",
	year	= "2014",
	note	= "Opportunistic networks ",
	issn	= "0140-3664",
	doi		= "http://dx.doi.org/10.1016/j.comcom.2014.03.019",
	url		= "http://www.sciencedirect.com/science/article/pii/S0140366414001054",
	author	= "Vinícius F.S. Mota and Felipe D. Cunha and Daniel F. Macedo and José M.S. Nogueira and Antonio A.F. Loureiro",
	keywords= "Opportunistic networks",
	keywords= "Delay-tolerant networks",
	keywords= "Context-awareness",
	keywords= "Vehicular ad hoc networks",
	keywords= "Pocket switched networks "
}

